%\usepackage{amssymb,amsmath,bm}

@mastersthesis{blatnik13,
   author = {Blatnik, M. T.},
   title = {Optimization of Mixing in a Simulated Biomass Bed Reactor with a Center Feeding Tube},
   school = {University of Massachusetts Amherst},
   year = {2013},
}

@Book{chapman70,
  author =	 {Chapman, S. and Cowling, T. S.},
  title =	 {The mathematical theory of non-uniform gases},
  year =	 1970,
  publisher =	 {Cambridge University Press}
}

@article{enwald96,
   author = {Enwald, H. and Peirano, E. and Almstedt, A. E.},
   title = {Eulerian Two-Phase Flow Theory Applied to Fluidization},
   journal = {International Journal of Multiphase Flow},
   volume = {22},
   pages = {21},
   year = {1996}
}

@manual{fluenttheoryguide09,
Title = {ANSYS FLUENT 12.0 Theory Guide},
Organization = {ANSYS, Inc.},
Year = {2009},
}

@manual{fluentusersguide09,
Title = {ANSYS FLUENT 12.0 User's Guide},
Organization = {ANSYS, Inc.},
Year = {2009},
}

@Book{gidaspow94,
   author = {Gidaspow, D.},
   title = {Multiphase flow and fluidization},
   year = {1994},
   publisher = {Academic Press, San Diego},
}

@Book{ishii75,
   author = {Ishii, M.},
   title = {Thermo-Fluid Dynamic Theory of Two-Phase Flow},
   series = {Direction des Etudes et Recherches d'Electricit\`{o} de France},
   publisher = {Eyrolles},
   year = {1975}
}

@article{jenkins83,
   author = {Jenkins, J. T. and Savage, S. B.},
   title = {A Theory for the Rapid Flow of Identical Smooth, Nearly Elastic Spherical Particles},
   journal = {Journal of Fluid Mechanics},
   volume = {130},
   pages = {187-202},
   year = {1983}
}

@unpublished{karanjkar13,
Author = {Karanjkar, P. and Coolman, R. J. and Blatnik, M. T. and Almalkie, S. and de Bruyn Kops, S. M. and Mountziaris, T. J. and Conner, W. C. and Huber, G. W.},
Title = {Hydrodynamics of a fluidized bed reactor for catalytic fast pyrolysis of cellulose to make green aromatics},
Year = {2013},
note = {In preparation}
}

@article{lin12,
Author = {Lin, Y. and Cho, J. and Davis, J. M., and Huber, G. W.},
Title = {Reaction-transport model for the pyrolysis of shrinking cellulose particles},
Journal = {Chemical Engineering Science},
Year = {2012},
Volume = {74},
Pages = {160-171},
}

@article{lun84,
   author = {Lun, C. K. K. and Savage, S. B. and Jeffrey, D. J. and Chepurniy, N.},
   title = {KINETIC THEORIES FOR GRANULAR FLOW - INELASTIC PARTICLES IN COUETTE-FLOW AND SLIGHTLY INELASTIC PARTICLES IN A GENERAL FLOWFIELD},
   journal = {Journal of Fluid Mechanics},
   volume = {140},
   pages = {223-256},
   year = {1984}
}

@article{vanwachem01,
   author = {van Wachem, B. G. M. and Schouten, J. C. and van den Bleek, C. M. and Krishna, R. and Sinclair, J. L.},
   title = {Comparative analysis of {CFD} models of dense gas-solid systems},
   journal = {American Institute of Chemical Engineers Journal},
   volume = {47},
   number = {5},
   pages = {1035-1051},
   year = {2001}
}
