%\usepackage{amssymb,amsmath,bm}
@string{Jfm = {Journal of Fluid Mechanics}}

@article{abrahamsen80a,
Author = {Abrahamsen, R. and Geldart, D.},
Title = {Behavior of gas-fluidized beds of fine powders. 1. Homogeneous expansion},
Journal = {Powder Technology},
Year = {1980},
Volume = {26},
Pages = {35-46},
}

@article{agrawal01,
Author = {Agrawal, K. and Loezos, P. N. and Syamlal, M. and Sundaresan, S.},
Title = {The role of meso-scale structures in rapid gas-solid flows},
Journal = {Journal of Fluid Mechanics},
Year = {2001},
Volume = {445},
Pages = {151-185},
}

@article{ahuja08,
   author = {Ahuja, G. N. and Patwardhan, A. W.},
   title = {{CFD} and experimental studies of solids hold-up distribution and circulation patterns in gas-solid fluidized beds},
   journal = {Chemical Engineering Journal},
   volume = {143},
   number = {1-3},
   pages = {147-160},
   year = {2008}
}

@article{alder60,
   author = {Alder, B. J. and Wainwright, T. E.},
   title = {STUDIES IN MOLECULAR DYNAMICS .2. BEHAVIOR OF A SMALL NUMBER OF ELASTIC SPHERES},
   journal = {Journal of Chemical Physics},
   volume = {33},
   number = {5},
   pages = {1439-1451},
   year = {1960}
}

@article{anderson67,
   author = {Anderson, T. B. and Jackson, R.},
   title = {A FLUID MECHANICAL DESCRIPTION OF FLUIDIZED BEDS},
   journal = {Industrial $\&$ Engineering Chemistry Fundamentals},
   volume = {6},
   number = {4},
   pages = {527},
    year = {1967}
}

@article{anderson69,
   author = {Anderson, T. B. and Jackson, R.},
   title = {A FLUID MECHANICAL DESCRIPTION OF FLUIDIZED BEDS - COMPARISON OF THEORY AND EXPERIMENT},
   journal = {Industrial \& Engineering Chemistry Fundamentals},
   volume = {8},
   number = {1},
   pages = {137},
   year = {1969}
}

@article{asegehegn11,
   author = {Asegehegn, T. W. and Schreiber, M. and Krautz, H. J.},
   title = {Numerical simulation and experimental validation of bubble behavior in 2{D} gas-solid fluidized beds with immersed horizontal tubes},
   journal = {Chemical Engineering Science},
   volume = {66},
   number = {21},
   year = {2011}
}

@phdthesis{baeyens73,
   author = {Baeyens, J.},
   title = {Heat transfer in gas fluidized beds},
   school = {University of Bradford},
   year = {1973}
}

@article{bauer82,
Author = {Bauer, W. and Werther, J.},
Title = {THE ROLE OF GAS-DISTRIBUTION IN FLUIDIZED-BED CHEMICAL REACTOR DESIGN},
Journal = {Chemical Engineering Communications},
Year = {1982}},
Volume = {18},
Number = {1-4},
Pages = {137-147}
}

@incollection{bilger80,
  title={Turbulent flows with nonpremixed reactants},
  author={Bilger, R. W.},
  booktitle={Turbulent reacting flows},
  pages={65--113},
  year={1980},
  publisher={Springer}
}

@article{baeyens74,
   author = {Baeyens, J. and Geldart, D.},
   title = {An investigation into slugging fluidized beds},
   journal = {Chemical Engineering Science},
   volume = {29},
   pages = {255-265},
   year = {1974}
}

@inproceedings{boemer95,
   author = {Boemer, A. and Qi, H. and Renz, U. and Vasquez, S. and Boysan, F.},
   title = {Eulerian Computation of Fluidized Bed Hydrodynamics---A Comparison of Physical Models},
   booktitle = {Proceedings of the 20th International Conference on Fluidized Bed Combustion},
   year = {1995}
}


@article{boemer97,
   author = {Boemer, A. and Qi, H. and Renz, U.},
   title = {Eulerian simulation of bubble formation at a jet in a two-dimensional fluidized bed},
   journal = {International Journal of Multiphase Flow},
   volume = {23},
   number = {5},
   pages = {927-944},
   year = {1997}
}

@article{bokkers04,
   author = {Bokkers, G. A. and van Sint Annaland, M. and Kuipers, J. A. M.},
   title = {Mixing and segregation in a bidisperse gas-solid fluidised bed: a numerical and experimental study},
   journal = {Powder Technology},
   volume = {140},
   pages = {176-186},
   year = {2004}
}

@inproceedings{bonilla51,
   author = {Bonilla, C. F. and Brooks, R. D. and Walker, Jr., P. L.},
   title = {The Viscosity of Steam and Nitrogen at Atmospheric Pressure and High Temperatures},
   year = {1951},
   booktitle = {Proceedings of General Discussion on Heat Transfer}   
}

@article{broadhurst75,
   author = {Broadhurst, T. E. and Becker, H. A.},
   title = {Onset of Fluidization and Slugging in Beds of Uniform Particles},
   journal = {American Institute of Chemical Engineers Journal},
   volume = {21},
   pages = {238-247},
   year = {1975}
}

@article{carman37,
   author = {Carman, P. C.},
   title = {Fluid flow through granular beds},
   journal = {Transactions of the Institution of Chemical Engineers},
   volume = {15},
   pages = {150-166},
   year = {1937}
}

@article{chalermsinsuwan11,
   author = {Chalermsinsuwan, B. and Gidaspow, D. and Piumsomboon, P.},
   title = {Two- and three-dimensional {CFD} modeling of {Geldart A} particles in a thin bubbling fluidized bed: Comparison of turbulence and dispersion coefficients},
   journal = {Chemical Engineering Journal},
   volume = {171},
   number = {1},
   pages = {301-313},
   year = {2011}
}

@Book{chapman70,
  author =	 {Chapman, S. and Cowling, T. S.},
  title =	 {The mathematical theory of non-uniform gases},
  year =	 1970,
  publisher =	 {Cambridge University Press}
}

@article{cole85,
   author = {Cole, W. A. and Wakeham, W. A.},
   title = {The Viscosity of Nitrogen, Oxygen, and Their Binary Mixtures in the Limit of
Zero Density},
   journal = {Journal of Physical and Chemical Reference Data},
   volume = {14},
   number = {1},
   pages = {209-226},
   year = {1985}
}

@article{coronella93,
   author = {Coronella, C. J. and Yee, S. Y. and Seader, J. D.},
   title = {Minimum slugging velocity in fluidized beds containing
       vertical rods},
   journal = {Fuel},
   volume = {73},
   number = {9},
   pages = {1537-1543},
   year = {1993}
}

@article{coulomb76,
   author = {Coulomb, C. A.},
   title = {Essai sur une application des r\'egles de maximis et minimis \'a
quelques probl\'emes de statique, relatifs \'a l'architecture},
   journal = {M\'emoires de Math\'ematique \& de Physique pr\'esent\'es \'a l'Acad\'emie Royale des
Sciences par divers Savans, \& l\^us dans ses Assembl\'ees},
   volume = {7},
   pages = {343-382},
   year = {1776}
}

@Book{crowe98,
  author =	 {Crowe, C. and Sommerfeld, M. and Tsuji, Y.},
  title =	 {Multiphase Flows with Droplets and Particles},
  year =	 1998,
  publisher =	 {CRC Press}
}

@article{chu08,
   author = {Chu, K. W. and Yu, A. B.},
   title = {Numerical simulation of complex particle-fluid flows},
   journal = {Powder Technology},
   volume = {179},
   pages = {104-114},
   year = {2008}
}

@Book{chung02,
  author =	 {Chung, T. J.},
  title =	 {Computational Fluid Dynamics},
  year =	 2002,
  publisher =	 {Cambridge University Press}
}

@Book{dallavalle48,
   author = {Dalla Valle, J. M.},
   title = {Micromeritics},
   year =	 1948,
   publisher =	 {Pitman, London}
}

@article{dassharma06,
   author = {Das Sharma, S. and Pugsley, T. and Delatour, R.},
   title = {Three-dimensional {CFD} model of the deaeration rate of {FCC} particles},
   journal = {American Institute of Chemical Engineers Journal},
   volume = {52},
   pages = {2391-2400},
   year = {2006}
}

@article{davies66,
   author = {Davies, L. and Richardson, J. F.},
   title = {Gas interchange between bubbles and the continuous phase in a fluidised bed},
   journal = {Transactions of the Institution of Chemical Engineers},
   volume = {44},
   pages = {T293-T305},
   year = {1966}
}

@Book{davidson85,
  editor =	 {Davidson, J. F. and Clift, R. and Harrison, D.},
  title =	 {Fluidization},
  year =	 {1985},
  publisher =	 {Academic Press},
  edition = {2nd}
}

@article{deen07,
   author = {Deen, N. G. and van Sint Annaland, M. and van der Hoef, M. A. and Kuipers, J. A. M.},
   title = {Review of discrete particle modeling of fluidized beds},
   journal = {Chemical Engineering Science},
   volume = {62},
   pages = {28-44},
   year = {2007}
}

@article{ding90,
   author = {Ding, J. and Gidaspow, D.},
   title = {A BUBBLING FLUIDIZATION MODEL USING KINETIC-THEORY OF GRANULAR FLOW},
   journal = {American Institute of Chemical Engineers Journal},
   volume = {36},
   number = {4},
   pages = {523-538},
   year = {1990}
}

@article{direnzo07,
   author = {Di Renzo, A. and Di Maio, F. P.},
   title = {Homogeneous and bubbling fluidization regimes in {DEM}-{CFD} simulations:
   hydrodynamic stability of gas and liquid fluidized beds},
   journal = {Chemical Engineering Science},
   volume = {62},
   pages = {116-130},
   year = {2007}
}


@article{dopazo77,
   author = {Dopazo, C.},
   title = {CONDITIONED AVERAGES FOR INTERMITTENT TURBULENT FLOWS},
   journal = {Journal of Fluid Mechanics},
   volume = {81},
   number = {JUL13},
   pages = {433-438},
   year = {1977}
}

@article{enwald96,
   author = {Enwald, H. and Peirano, E. and Almstedt, A. E.},
   title = {Eulerian Two-Phase Flow Theory Applied to Fluidization},
   journal = {International Journal of Multiphase Flow},
   volume = {22},
   pages = {21},
   year = {1996}
}

@article{emami08,
   author = {Emami, A. and Briens, C.},
   title = {Study of Downward Gas Jets into a Liquid},
   journal = {Particle Technology and Fluidization},
   volume = {54},
   number = {9},
   pages = {2269-2280},
   year = {2008}
}

@article{ergun52,
   author = {Ergun, S.},
   title = {FLUID FLOW THROUGH PACKED COLUMNS},
   journal = {Chemical Engineering Progress},
   volume = {48},
   number = {2},
   pages = {89-94},
   year = {1952}
}

@article{ferschneider96,
Author = {Ferschneider, G. and Mege, P.},
Title = {Eulerian simulation of dense phase fluidized beds},
Journal = {Rev. Inst. Fr. Pet.},
Year = {1996},
Volume = {51},
Number = {2},
Pages = {301-307},
}

@manual{fluenttheoryguide09,
Title = {ANSYS FLUENT 12.0 Theory Guide},
Organization = {ANSYS, Inc.},
Year = {2009},
}

@manual{fluentusersguide09,
Title = {ANSYS FLUENT 12.0 User's Guide},
Organization = {ANSYS, Inc.},
Year = {2009},
}

@article{frantz66,
Author = {Frantz, J. S.},
Title = {Minimum  fluidization velocities and pressure drop in
  fluidized beds},
Journal = {Chemical Engineering Progress Symposium Series},
Year = {1966},
Volume = {62},
Pages = {21-31},
}

@article{gao08,
   author = {Gao, J. and Chang, J. and Xu, C. and Lan, X.
     and Yang, Y.},
   title = {{CFD} simulations of gas solid flow in {FCC} strippers.},
   journal = {Chemical Engineering Science},
   volume = {63},
   pages = {1827-1841},
   year = {2008}
}

@article{garside77,
   author = {Garside, J. and Al-Dibouni, M. R.},
   title = {Velocity-voidage relationship for fluidization and sedimentation.},
   journal = {Industrial \& Engineering Chemistry Process Design and Development},
   volume = {16},
   pages = {206},
   year = {1977}
}

@article{geldart73,
   author = {Geldart, D.},
   title = {Types of Gas Fluidization},
   journal = {Powder Technology},
   volume = {7},
   pages = {285-292},
   year = {1973}
}

@article{gera98,
   author = {Gera, D. and Gautam, M. and Tsuji, Y. and Kawaguchi, T. and Tanaka, T.},
   title = {Computer simulation of bubbles in large-particle fluidized beds},
   journal = {Powder Technology},
   volume = {98},
   number = {1},
   pages = {38-47},
   year = {1998}
}

@article{gibilaro85,
   author = {Gibilaro, L. G.},
   title = {Generalized Friction Factor and Drag Coefficient Correlations for
      Fluid-Particle Interactions},
   journal = {Chemical Engineering Science},
   volume = {40},
   pages = {1817-1823},
   year = {1985}
}

@article{gidaspow83a,
   author = {Gidaspow, D. and Seo, Y. C.},
   title = {Fluidization in Two-Dimensional Beds with a Jet, Part I: Experimental
     Porosity Distributions},
   journal = {Industrial \& Engineering Chemistry Fundamentals},
   volume = {22},
   pages = {187-193},
   year = {1983}
}

@article{gidaspow83b,
   author = {Gidaspow, D. and Ettehadieh, B.},
   title = {Fluidization in Two-Dimensional Beds with a Jet, Part II: Hydrodynamic
     Modeling},
   journal = {Industrial \& Engineering Chemistry Fundamentals},
   volume = {22},
   pages = {193-201},
   year = {1983}
}

@article{gidaspow86a,
   author = {Gidaspow, D. and Syamlal, M. Seo, Y. C.},
   title = {Hydrodynamics of Fluidization: Supercomputer Generated
      vs. Experimental Bubbles},
   journal = {Journal of Powder and Bulk Solids Technology},
   volume = {10},
   number = {3},
   pages = {19-23},
   year = {1986}
}

@Book{gidaspow94,
   author = {Gidaspow, D.},
   title = {Multiphase flow and fluidization},
   year = {1994},
   publisher = {Academic Press, San Diego},
}

@article{gidaspow98,
   author = {Gidaspow, D. and Huilin, L.},
   title = {Equation of State and Radial Distribution Functions of {FCC} Particles in a {CFB}},
   journal = {American Institute of Chemical Engineers Journal},
   volume = {44},
   pages = {279},
   year = {1998}
}

@article{haider89,
   author = {Haider, A. and Levenspiel, O.},
   title = {Drag Coefficient and Terminal Velocity of
     Spherical and Nonspherical Particles},
   journal = {Powder Technology},
   volume = {58},
   pages = {63-70},
   year = {1989}
}

@article{harrison61,
   author = {Harrison, D. and Davidson, J. F. and de Kock, J. W.},
   title = {On the nature of aggregative and particulate fluidisation},
   journal = {Transactions of the Institution of Chemical Engineers},
   volume = {39},
   pages = {202-211},
   year = {1961}
}

@Book{hetsroni82,
  editor =	 {Hetsroni, G.},
  title =	 {Handbook of Multiphase Systems},
  year =	 1982,
  publisher =	 {Hemisphere Publishing Corporation}
}

@article{hong97,
Author = {Hong, R. Y. and Li, H. Z. and Li, H. B. and Wang, Y.},
Title = {Studies on the inclined jet penetration length in a gas-solid fluidized
   bed},
Journal = {Powder Technology},
Year = {1997},
Volume = {92},
Number = {3},
Pages = {205-212}
}

@article{hoomans96,
   author = {Hoomans, B. P. B. and Kuipers, J. A. M. and Briels, W. J. and Van Swaaij, W. P. M.},
   title = {Discrete Particle Simulation of Bubble and Slug Formation in a Two-Dimensional Gas-fluidized Bed: a Hard Sphere Approach},
   journal = {Chemical Engineering Science},
   volume = {51},
   number = {1},
   pages = {99-118},
   year = {1996}
}

@article{hosseini09,
   Author = {Hosseini, S. H. and Rahimi, R. and Zivdar, M.  and 
     and Samimi, A.},
   Title = {{CFD} Simulation of gas-solid bubbling fluidized bed
             containing {FCC} particles},
   Journal = {Korean Journal Chemical Engineering},
   Volume = {26},
   Number = {5},
   pages = {1405-1413},
   Year = {2009}
}

@article{hosseini10,
   Author = {Hosseini, S. H. and Zhong, W. and Esfahany, M. N. and Pourjafar, L. and Azizi, S.},
   Title = {{CFD} Simulation of the Bubbling and Slugging Gas-Solid Fluidized Beds},
   Journal = {Journal of Fluids Engineering},
   Volume = {132},
   Number = {4},
   Year = {2010}
}

@article{hrenya97,
   author = {Hrenya, C. M. and Sinclair, J. L.},
   title = {Effects of Particle-Phase Turbulence in Gas-Solid Flows},
   journal = {American Institute of Chemical Engineers Journal},
   volume = {43},
   pages = {853},
   year = {1997}
}

@article{hull99,
   author = {Hull, A. S. and Chen, Z. and Agarwal, P. K.},
   title = {Influence of horizontal tube banks on the behavior of bubbling
    fluidized beds: 1. Bubble hydrodynamics },
   journal = {Powder Technology},
   volume = {103},
   pages = {230-242},
   year = {1999}
}

@article{hull00,
   author = {Hull, A. S. and Chen, Z. and Agarwal, P. K.},
   title = {Influence of horizontal tube banks on the behavior of bubbling
    fluidized beds: 2. Mixing of solids},
   journal = {Powder Technology},
   volume = {111},
   pages = {192-199},
   year = {2000}
}


@article{iddir05,
   author = {Iddir, H. and Arastoopour, H.},
   title = {Modeling of multitype particle flow using the kinetic theory approach},
   journal = {American Institute of Chemical Engineers Journal},
   volume = {51},
   number = {6},
   pages = {1620-1632},
   year = {2005}
}

@Book{ishii75,
   author = {Ishii, M.},
   title = {Thermo-Fluid Dynamic Theory of Two-Phase Flow},
   series = {Direction des Etudes et Recherches d'Electricit\`{o} de France},
   publisher = {Eyrolles},
   year = {1975}
}

@article{jackson97,
   author = {Jackson, R.},
   title = {Locally averaged equations of motion for a mixture of identical spherical particles and a newtonian fluid},
   journal = {Chemical Engineering Science},
   volume = {52},
   pages = {2457},
   year = {1997}
}

@article{jenkins83,
   author = {Jenkins, J. T. and Savage, S. B.},
   title = {A Theory for the Rapid Flow of Identical Smooth, Nearly Elastic Spherical Particles},
   journal = {Journal of Fluid Mechanics},
   volume = {130},
   pages = {187-202},
   year = {1983}
}

@article{johnson87,
   author = {Johnson, P. C. and Jackson, R.},
   title = {FRICTIONAL COLLISIONAL CONSTITUTIVE RELATIONS FOR ANTIGRANULOCYTES-MATERIALS, WITH APPLICATION TO PLANE SHEARING},
   journal = {Journal of Fluid Mechanics},
   volume = {176},
   pages = {67-93},
   year = {1987}
}

@article{jung06,
   author = {Jung, J. W. and Gidaspow, D. and Gamwo, I. K.},
   title = {Bubble computation, granular temperatures, and reynolds stresses},
   journal = {Chemical Engineering Communications},
   volume = {193},
   number = {8},
   pages = {946-975},
   year = {2006}
}

@article{kestin71,
   author = {Kestin, J. and Ro, S. T. and Wakeham, W. A.},
   title = {Viscosity of Noble Gases in the Temperature Range 25-700$^o${C}},
   journal = {The Journal of Chemical Physics},
   volume = {56},
   number = {8},
   pages = {4119-4124},
   year = {1972}
}

@article{klinkenberg53,
   author = {Klinkenberg, Adriaan and Krajenbrink, H. J. and Lauwerier, H. A.},
   title = {Diffusion in a Fluid Moving at Uniform Velocity in a Tube},
   journal = {Industrial and Engineering Chemistry},
   volume = {45},
   number = {6},
   pages = {1202-1208},
   year = {1953}
}

@article{knowlton05,
   author = {Knowlton, T. M. and Karri, S. B. R. and Issangya, A.},
   title = {Scale-up of fluidized-bed hydrodynamics},
   journal = {Powder Technology},
   volume = {150},
   pages = {72-77},
   year = {2005}
}

@article{koch90,
   author = {Koch, D. L.},
   title = {Kinetic theory for a monodisperse gas-solid suspension},
   journal = {Phys. Fluids A},
   volume = {2},
   pages = {1711},
   year = {1990}
}

@article{kruse95,
   author = {Kruse},
   title = {A 2-dimensional model for gas mixing in the upper dilute zone of a circulating fluidized-bed},
   journal = {The Canadian journal of chemical engineering},
   volume = {73},
   number = {5},
   pages = {620-634},
   year = {1995}
}

@article{law03,
   author = {Law, C. L. and Tasirin, S. M. and Daud, W. R. W. and
    Geldart, D.},
   title = {Effect of Vertical Baffles on Particle Mixing and Drying
     in Fluidized Beds of Group D Particles},
   journal = {China Particuology},
   volume = {1},
   number = {3},
   pages = {115-118},
   year = {2003}
}

@article{li08,
Author = {Li, T. and Pougatch, K. and Salcudean, M. and Grecov,
   D.},
Title = {Numerical simulation of horizontal jet penetration in a
   three-dimensional fluidized bed},
Journal = {Powder Technology},
Year = {2008},
Volume = {184},
Number = {1},
Pages = {89-99}
}

@article{li09,
   author = {Li, T. and Pougatch, K. and Sacludean, M. and Grecov, D.},
   title = {Mixing of a secondary gas injection in a bubbling fluidized bed},
   journal = {Chemical Engineering Research and Design},
   volume = {87},
   pages = {1451-1465},
   year = {2009}
}

@article{li11,
   author = {Li, T. and Dietiker, J. and Zhang, Y. and Shahnam, M.},
   title = {Cartesian grid simulations of bubbling fluidized beds with a
     horizontal tube bundle},
   journal = {Chemical Engineering Science},
   volume = {66},
   pages = {6220-6231},
   year = {2011}
}

@article{lindborg07,
   author = {Lindborg, H. and Lysberg, M. and Jakobsen, H. A.},
   title = {Practical validation of the two-fluid model applied to dense gas-solid
      flows in fluidized beds},
   journal = {Chemical Engineering Science},
   volume = {62},
   pages = {5854-5869},
   year = {2007}
}

@article{lindborg09,
   author = {Lindborg, H. and Jakobsen, H. A.},
   title = {Sorption enhanced steam methane reforming process performance and
     bubbling fluidized bed reactor design by use of a two-fluid model},
   journal = {Industrial and Engineering Chemistry Research},
   volume = {48},
   pages = {1332-1342},
   year = {2009}
}

@article{loezos02,
   author = {Loezos, P. N. and Costamagna, P. and Sundaresan, S.},
   title = {The role of contact stresses and wall friction on fluidization},
   journal = {Chemical Engineering Science},
   volume = {57},
   pages = {5123-5141},
   year = {2002}
}

@article{louge91,
   author = {Louge, M. Y. and Mastorakos, E. and Jenkins, J. T.},
   title = {The role of particle collisions in pneumatic transport},
   journal = {Journal of Fluid Mechanics},
   volume = {231},
   number = {8},
   pages = {345},
   year = {1991}
}

@article{lun84,
   author = {Lun, C. K. K. and Savage, S. B. and Jeffrey, D. J. and Chepurniy, N.},
   title = {KINETIC THEORIES FOR GRANULAR FLOW - INELASTIC PARTICLES IN COUETTE-FLOW AND SLIGHTLY INELASTIC PARTICLES IN A GENERAL FLOWFIELD},
   journal = {Journal of Fluid Mechanics},
   volume = {140},
   pages = {223-256},
   year = {1984}
}

@article{lun86,
   author = {Lun, C. K. K. and Savage, S. B.},
   title = {The Effects of an Impact Velocity Dependent Coefficient of Restitution on Stresses Developed by Sheared Granular Matrials},
   journal = {Acta Mechanica},
   volume = {63},
   pages = {15-44},
   year = {1986}
}

@article{ma90,
   author = {Ma, D. and Ahmadi, G.},
   title = {A Thermodynamical Formulation of Dispersed Multiphase Turbulent Flows},
   journal = {International Journal of Multiphase Flow},
   volume = {16},
   pages = {323-351},
   year = {1990}
}

@article{matsen96,
   author = {Matsen, J. M.},
   title = {Scale-up of fluidized bed processes: principle and practice},
   journal = {Powder Technology},
   volume = {88},
   pages = {237-244},
   year = {1996}
}

@article{mahalatkar11,
   author = {Mahalatkar, K. and Kuhlman, J. and Huckaby, E. D. and O'Brien, T.},
   title = {{CFD} simulation of a chemical-looping fuel reactor utilizing solid fuel},
   journal = {Chemical Engineering Science},
   volume = {66},
   number = {16},
   pages = {3617-3627},
   year = {2011}
}

@article{mckeen03a,
   author = {Mckeen, T. and Pugsley, T.},
   title = {Simulation and experimental validation of a freely bubbling bed of {FCC} catalyst},
   journal = {Powder Technology},
   volume = {129},
   pages = {139-152},
   year = {2003}
}

@article{merry71,
   author = {Merry, J. M. D.},
   title = {Penetration of a Horizontal Gas Jet into a Fluidised Bed},
   journal = {Transactions of the Institution of Chemical Engineers
      and the Chemical Engineer},
   volume = {49},
   number = {4},
   pages = {189},
   year = {1971}
}

@article{miller61,
   author = {Miller, C. O. and Logwinuk, A. K.},
   title = {Fluidization Studies of Solid Particles},
   journal = {Engineering and Process Development},
   volume = {43},
   number = {5},
   pages = {1220-1226},
   year = {1961}
}

@article{namkung00,
   author = {Namkung, W. and Kim, S. D.},
   title = {Radial gas mixing in a circulating fluidized bed},
   journal = {Powder Technology},
   volume = {113},
   pages = {23-29},
   year = {2000}
}

@article{ogawa80,
   author = {Ogawa, S. and Umemura, A. and Oshima, N.},
   title = {ON THE EQUATIONS OF FULLY FLUIDIZED GRANULAR-MATERIALS},
   journal = {Zeitschrift Fur Angewandte Mathematik Und Physik},
   volume = {31},
   number = {4},
   pages = {483-493},
   year = {1980}
}

@article{ozawa02,
   author = {Ozawa, M. and Umekawa, H. and Furui, S. and Hayashi, K.
      and Takenaka, N.},
   title = {Bubble behavior and void fraction fluctuation in
     vertical tube banks immersed in a gas-solid fluidized-bed model},
   journal = {Experimental Thermal and Fluid Science},
   volume = {26},
   pages = {643-652},
   year = {2002}
}

@article{oliveira03,
   author = {Oliveira, P. J. and Issa, R. I.},
   title = {Numerical aspects of an algorithm for the Eulerian simulation of two-phase flows},
   journal = {International Journal for Numerical Methods in Fluids},
   volume = {43},
   number = {10-11},
   pages = {1177-1198},
   year = {2003}
}

@article{oliveira03,
   author = {Oliveira, P. J. and Issa, R. I.},
   title = {Numerical aspects of an algorithm for the Eulerian simulation of two-phase flows},
   journal = {International Journal for Numerical Methods in Fluids},
   volume = {43},
   number = {10-11},
   pages = {1177-1198},
   year = {2003}
}

@article{olowson94,
   author = {Olowson, P. A.},
   title = {Influence of pressure and fluidization velocity on the hydrodynamics
     of a fluidized bed containing horizontal tubes},
   journal = {Chemical Engineering Science},
   volume = {49},
   number = {15},
   pages = {2437-2446},
   year = {1994}
}

@article{olsson95,
   author = {Olsson, S. E. and Wiman, J. and Almstedt, A. E.},
   title = {Hydrodynamics of a Pressurized Fluidized Bed with Horizontal Tubes:
     Influence of Pressure, Fluidization Velocity and Tube-Bank Geometry},
   journal = {Chemical Engineering Science},
   volume = {50},
   number = {4},
   pages = {581-592},
   year = {1995}
}

@article{papadikis10,
   author = {Papadikis, K. and Gu, S. and Bridgwater, A. V.},
   title = {Geometrical Optimzation of a Fast Pyrolosis Bubbling
      Fluidized Bed Reactor Using Computational Fluid Dynamics},
   journal = {Energy Fuels},
   volume = {24},
   pages = {5634-5651},
   year = {2010}
}

@inproceedings{parmentier08,
Author = {Parmentier, J. F. and Simonin, O. and Delsart, O.},
Title = {A numerical study of fluidization behavior of {Geldart} {B}, {A/B}
 and {A} particles using Eulerian multifluid modeling approach},
booktitle = {Ninth International Conference on Circulating Fluidized Beds},
Year = {2008},
editor = {Werther, J. and Wirth, K. E. and Nowak, W.}
}

@article{parmentier12,
   author = {Parmentier, J. F. and Simonin, O.},
   title = {A Functional Subgrid Drift Velocity Model for Filtered Drag
     Prediction in Dense Fluidized Bed},
   journal = {American Institute of Chemical Engineers Journal},
   volume = {58},
   pages = {1084-1098},
   year = {2012}
}

@article{patankar72,
Author = {Patankar, S. V. and Spalding, D. B.},
Title = {A calculation procedure for heat, mass and momentum transfer in three-dimensional parabolic flows},
Journal = {International Journal of Heat Mass Transfer}, 
Year = {1972},
Volume = {2},
Pages = {417-40},
}

@article{patil05a,
Author = {Patil, D. J. and Annaland, A. V. and Kuipers, J. A. M.},
Title = {Critical comparison of hydrodynamic models for gas-solid fluidized beds
   - {P}art {I}: bubbling gas-solid fluidized beds operated with a jet},
Journal = {Chemical Engineering Science}, 
Year = {2005},
Volume = {60},
Number = {1},
Pages = {57-72},
}

@article{patil05b,
Author = {Patil, D. J. and Annaland, A. V. and Kuipers, J. A. M.},
Title = {Critical comparison of hydrodynamic models for gas-solid fluidized beds
   - {P}art {II}: freely bubbling gas-solid fluidized beds},
Journal = {Chemical Engineering Science}, 
Year = {2005},
Volume = {60},
Number = {1},
Pages = {73-84}
}

@techreport{petersen70,
  title={The properties of helium: density, specific heats, viscosity, and thermal conductivity at pressures 
from 1 to 100 bar and from room temperature to about 1800 {K}},
  author={Petersen, H.},
  institution={Danish Atomic Energy Commission: Research Establishment Ris\"o},
  year={1970}
}

@article{pillai71,
Author = {Pillai, B. C. and Rao, R. M.},
Title = {Pressure Drop \& Minimum Fluidization Velocities in
   Air-fluidized Beds},
Journal = {Indian Journal of Technology}, 
Year = {1971},
Volume = {9},
Pages = {77-86}
}

@unpublished{karanjkar13,
Author = {Karanjkar, P. and Coolman, R. J. and Blatnik, M. T. and Almalkie, S. and de Bruyn Kops, S. M. and Mountziaris, T. J. and Conner, W. C. and Huber, G. W.},
Title = {Hydrodynamics of a fluidized bed reactor for catalytic fast pyrolysis of cellulose to
make green aromatics},
Year = {2013},
note = {In preparation}
}


@article{raithby79,
   author = {Raithby, G. D. and Schneider, G. E.},
   title = {Numerical solution of problems in incompressible fluid flow: Treatment of the velocity-pressure coupling},
   journal = {Numerical Heat Transfer},
   volume = {2},
   pages = {417-440},
   year = {1979}
}

@article{rudisuli12,
   author = {R\"{u}dis\"{u}li, M. and Schildhauer, T. J. and
    Biollaz, S. M. A. and van Ommen, J. R.},
   title = {Bubble Characterization in a Fluidized Bed with Vertical Tubes},
   journal = {Industrial $\&$ Engineering Chemistry Research},
   volume = {51},
   pages = {4748-4758},
   year = {2012}
}

@article{ramamoorthy81,
   author = {Ramamoorthy, S. and Subramanian, N.},
   title = {Axial Solids Mixing and Bubble Characteristics in Gas-fluidized
    Beds with Vertical Internals},
   journal = {The Chemical Engineering Journal},
   volume = {22},
   pages = {237-242},
   year = {1981}
}

@article{robinson26,
   author = {Robinson, C. S.},
   title = {Some factors influencing sedimentation},
   journal = {Industrial and Engineering Chemistry},
   volume = {18},
   pages = {869-871},
   year = {1926}
}

@article{rowe61b,
   author = {Rowe, P. N.},
   title = {Drag Forces in a Hydraulic Model of a Fluidized Bed: {II}},
   journal = {Transactions of the Institution of Chemical Engineers},
   volume = {39},
   pages = {175},
   year = {1961}
}

@article{savage84,
   author = {Savage, S. B. and Sayed, M.},
   title = {Stresses developed by dry cohesionless granular materials sheared in
         an annular chear cell},
   journal = {Journal of Fluid Mechanics},
   volume = {142},
   pages = {391-430},
   year = {1984}
}

@article{schaeffer87,
   author = {Schaeffer, G.},
   title = {Instability in the evolution-equations describing incrompressible
     antigranulocytes flow},
   journal = {Journal of Differential Equations},
   volume = {66},
   number = {1},
   pages = {19-50},
   year = {1987}
}


@article{silva11,
   author = {Silva, L. F. L. R. and Lage, P. L. C.},
   title = {Development and implementation of a polydispersed multiphase flow model in OpenFOAM},
   journal = {Computers $\&$ Chemical Engineering},
   volume = {35},
   number = {12},
   pages = {2653-2666},
   year = {2011}
}

@article{sinclair89,
   author = {Sinclair, J. L. and Jackson, R.},
   title = {Gas-particle flow in a vertical pipe with particle-particle interactions},
   journal = {A.I.Ch.E. Journal},
   volume = {35},
   number = {9},
   pages = {1473-1486},
   year = {1989}
}

@article{song05,
Author = {Song, X. Q. and Grace, J. R. and Bi, H. and Lim, C. J. and Chan, E. and Knapper, B.
   and McKnight, C. A.},
Title = {Gas mixing in the reactor section of fluid cokers},
Journal = {Industrial \& Engineering Chemistry Research},
Year = {2005},
Volume = {44},
Number = {16},
Pages = {6067-6074}
}

@article{srivastava02,
   author = {Srivastava, A. and Sundaresan, S.},
   title = {Role of wall friction in fluidization and standpipe flow},
   journal = {Powder Technology},
   volume = {124},
   pages = {45-54},
   year = {2002}
}

@Book{stokes80,
  author =	 {Stokes, G. G.},
  title =	 {Mathematical and physical papers},
  year =	 {1880},
  publisher =	 {Cambridge: University Press}
}

@manual{syamlal93,
   author = {Syamlal, M. and Rogers, W. and O'Brien T. J.},
   title = {Mfix Documentation Theory Guide},
   organization = {U.S. Department of Energy, Office of Fossil Energy Technical Note},
   year = {1993}
}

@article{syamlal03,
   author = {Syamlal, M. and O'Brien, T. J.},
   title = {Fluid Dynamic Simulation of O$_3$ decomposition in a Bubbling Fluidized Bed},
   journal = {American Institute of Chemical Engineers Journal},
   volume = {49},
   pages = {2793-2801},
   year = {2003}
}

@article{taghipour05a,
   author = {Taghipour, F. and Ellis, N. and Wong, C.},
   title = {Experimental and computational study of gas-solid fluidized bed hydrodynamics},
   journal = {Chemical Engineering Science},
   volume = {60},
   pages = {6857-6567},
   year = {2005}
}



@article{tsinontides93,
   author = {Tsinontides, S. C. and Jackson, R.},
   title = {The mechanics of gas-fluidized beds with an interval of stable fluidization},
   journal = {Journal of Fluid Mechanics},
   volume = {255},
   pages = {237-274},
   year = {1993}
}

@article{vanwachem01,
   author = {van Wachem, B. G. M. and Schouten, J. C. and van den Bleek, C. M. and Krishna, R. and Sinclair, J. L.},
   title = {Comparative analysis of {CFD} models of dense gas-solid systems},
   journal = {American Institute of Chemical Engineers Journal},
   volume = {47},
   number = {5},
   pages = {1035-1051},
   year = {2001}
}

@article{vanwachem08,
   author = {van Wachem, B. and Sasic, S.},
   title = {Derivation, simulation and validation of a cohesive particle flow {CFD} model},
   journal = {American Institute of Chemical Engineers Journal},
   volume = {54},
   pages = {9-19},
   year = {2008}
}

@article{wang09a,
Author = {Wang, J. and van der Hoef, M. A. and Kuipers, J. A. M.},
Title = {Why the two-fluid model fails to predict the bed expansion
   characteristics of {G}eldart {A} particles in gas-fluidized beds: {A}
   tentative answer},
Journal = {Chemical Engineering Science}, 
Year = {2009},
Volume = {64},
Number = {3},
Pages = {622-625},
}

@article{wang09c,
Author = {Wang, J.},
Title = {A Review of {E}ulerian Simulation of {G}eldart {A} Particles in Gas-Fluidized Beds},
Journal = {Ind. Eng. Chem. Res.},
Year = {2009},
Volume = {48},
Number = {12},
Pages = {5567-5577},
}

@article{wang10,
Author = {Wang, J. and van der Hoef, M. A. and Kuipers, J. A. M.},
Title = {{CFD} study of the minimum bubbling velocity of {G}eldart {A} particles in  gas-fluidized beds},
Journal = {Chemical Engineering Science},
Year = {2010},
Volume = {65},
Number = {12},
Pages = {3772-3785},
}

@article{wang10a,
Author = {Wang, J. and van der Hoef, M. A. and Kuipers, J. A. M.},
Title = {Coarse grid simulation of bed expansion characteristics of
   industrial-scale gas-solid bubbling fluidized beds},
Journal = {Chemical Engineering Science},
Year = {2010},
Volume = {65},
Number = {6},
Pages = {2125-2131},
}

@article{wang11a,
   author = {Wang, Q. and Zhang, K. and Gu, H.},
   title = {CFD simulation of pressure fluctuation characteristics in 
    the gas-solid fluidized bed: Comparisons with experiments},
   journal = {Petroleum Science},
   volume = {8},
   number = {2},
   pages = {211-218},
   year = {2011}
}

@article{wang11b,
   author = {Wang, J. and Van der Hoef, M. A. and Kuipers, J. A. M.},
   title = {The role of scale resolution versus inter-particle cohesive forces
     in two-fluid modeling of bubbling fluidization of {Geldart} {A} particles},
   journal = {Chemical Engineering Science},
   volume = {66},
   pages = {4229-4240},
   year = {2011}
}
@article{wen66,
   author = {Wen, C. Y. and Yu, Y. H.},
   title = {Mechanics of fluidization},
   journal = {Chemical Engineering Progress Symposium Series},
   volume = {62},
   pages = {100},
   year = {1966}
}

@mastersthesis{tapia09,
   author = {Tapia, X. P.},
   title = {Modelling of wind flow over complex terrain using OpenFoam},
   school = {University of $\text{G}\ddot{a}\text{vle}$},
   year = {2009},
}
   

@article{werther92,
   author = {Werther, J.},
   title = {SCALE-UP MODELING FOR FLUIDIZED-BED REACTORS},
   journal = {Chemical Engineering Science},
   volume = {47},
   number = {9-11},
   pages = {2457-2462},
   year = {1992}
}

@article{yates90,
   author = {Yates, J. G. and Ruiz-Martinez, R. S. and Cheesman, D. J.},
   title = {Prediction of bubble size in a fluidized bed containing
      horizontal tubes},
   journal = {Chemical Engineering Science},
   volume = {45},
   number = {4},
   pages = {1105-1111},
   year = {1990},
}

@article{wu91,
   author = {Wu, Y.},
   title = {Effect of operating temperature on minimum fluidization velocity},
   journal = {Powder Technology},
   volume = {67},
   number = {2},
   pages = {217-220},
   year = {1991},
}

@article{yang95,
   author = {Yang, W. C.},
   title = {Large-scale fluidized bed physical model: methodology
      and results},
   journal = {Powder Technology},
   volume = {82},
   pages = {331-346},
   year = {1995},
}

@article{zhu07,
   author = {Zhu, H. P. and Zhou Z. Y.and Yu, A. B.},
   title = {Discrete particle simulation of particulate systems: Theoretical developments},
   journal = {Chemical Engineering Science},
   volume = {62},
   pages = {3378-3396},
   year = {2007}
}

@article{zhu08,
   author = {Zhu, H. P. and Zhou Z. Y. and Yang, R. Y. and Yu, A. B.},
   title = {Discrete particle simulation of particulate systems: A review of major applications and findings},
   journal = {Chemical Engineering Science},
   volume = {63},
   pages = {5728-5770},
   year = {2008}
}

@article{zimmerman05,
   author = {Zimmerman, S. and Taghipour, F.},
   title = {{CFD} Modeling of the Hydrodynamics and Reaction Kinetics of {FCC} Fluidized-Bed Reactors},
   journal = {Industrial $\&$ Engineering Chemistry Research},
   volume = {44},
   pages = {9818-9827},
   year = {2005}
}
